<record><leader>00000cas a2200000 a 4500</leader><controlfield tag="001">9046670</controlfield><controlfield tag="008">821213d18691949ohuwr ne      0    0eng d</controlfield><controlfield tag="009">9</controlfield><datafield ind1=" " ind2=" " tag="010"><subfield code="a">sn 85034411 </subfield></datafield><datafield ind1=" " ind2=" " tag="040"><subfield code="a">BGU</subfield><subfield code="b">eng</subfield><subfield code="c">BGU</subfield><subfield code="d">NPX</subfield><subfield code="d">NPU</subfield><subfield code="d">ONP</subfield><subfield code="d">OCL</subfield></datafield><datafield ind1=" " ind2=" " tag="042"><subfield code="a">msc</subfield></datafield><datafield ind1="0" ind2=" " tag="130"><subfield code="a">Bryan press (Bryan, Ohio : 1869)</subfield></datafield><datafield ind1="0" ind2="0" tag="245"><subfield code="a">Bryan press.</subfield></datafield><datafield ind1=" " ind2=" " tag="260"><subfield code="a">Bryan, Ohio :</subfield><subfield code="b">C.S. Roe &amp; Sinm,</subfield><subfield code="c">1869-1949.</subfield></datafield><datafield ind1=" " ind2=" " tag="300"><subfield code="a">v.</subfield></datafield><datafield ind1=" " ind2=" " tag="310"><subfield code="a">Weekly,</subfield><subfield code="b">Nov. 17, 1948-Feb. 2, 1949</subfield></datafield><datafield ind1=" " ind2=" " tag="321"><subfield code="a">Weekly,</subfield><subfield code="b">Oct. 28, 1869-Oct. 27, 1948</subfield></datafield><datafield ind1=" " ind2=" " tag="321"><subfield code="a">Daily,</subfield><subfield code="b">Nov. 1-12, 1948</subfield></datafield><datafield ind1="0" ind2=" " tag="362"><subfield code="a">Vol. 8, no. 11 (Oct. 28, 1869)-v. 95, no. 43 (Feb. 2, 1949).</subfield></datafield><datafield ind1=" " ind2=" " tag="500"><subfield code="a">Publisher: P.C. Hayes, &lt;1873&gt;.</subfield></datafield><datafield ind1=" " ind2=" " tag="752"><subfield code="a">United States</subfield><subfield code="b">Ohio</subfield><subfield code="c">Williams</subfield><subfield code="d">Bryan.</subfield></datafield><datafield ind1="0" ind2="0" tag="780"><subfield code="t">Bryan union press</subfield><subfield code="w">(DLC)sn 85038241</subfield></datafield><datafield ind1="0" ind2="7" tag="785"><subfield code="t">Bryan Democrat</subfield><subfield code="w">(DLC)sn 85025643</subfield></datafield><datafield ind1="0" ind2="7" tag="785"><subfield code="t">Bryan times</subfield><subfield code="w">(DLC)sn 87076822</subfield></datafield></record>